<collection xmlns="http://www.loc.gov/MARC21/slim">
<record>
  <leader>02141nam0a2200277 i 450 </leader>
  <controlfield tag="001">IT\ICCU\CNCE\051961</controlfield>
  <controlfield tag="005">20170118000000.0</controlfield>
  <datafield tag="012" ind1=" " ind2=" ">
    <subfield code="a">es*m u.te f.e- sino (C) 1511 (R)</subfield>
    <subfield code="2">fei</subfield>
  </datafield>
  <datafield tag="100" ind1=" " ind2=" ">
    <subfield code="a">20010507d1511        0itac0103    ba</subfield>
  </datafield>
  <datafield tag="101" ind1=" " ind2=" ">
    <subfield code="a">LAT</subfield>
  </datafield>
  <datafield tag="102" ind1=" " ind2=" ">
    <subfield code="a">IT</subfield>
  </datafield>
  <datafield tag="200" ind1="1" ind2=" ">
    <subfield code="a">Index operum d. Iohannis Ignei doctoris Aurelij moderni &amp; regij Insubrium senatoris &amp; primo eiusdem. Solemnis &amp; valde quotidiana repeti. l. dudum C. de contrahen. emptio. Eiusdem pomposa &amp; elegantissima repetitio auctentice ex causa C. de libe. prete. ... Eiusdem amplissima &amp; amenissima disputatio an rex Francie recognoscat imperatorem. Eiusdem solemnis &amp; valde vtilis repetitio l. contractus ff. de regu. iuris. Eiusdem subtilissima repetitio l. quatenus in materia illa interesse ff. de regu. iuris. Insimul legis donationes quas diuus imperator C. de dona. inter virum &amp; vxo. Cum tabulis in calce cuiuslibet earum positis ... Omnes ... disputationes idem auctor substinuit publice ... in alma Ticinensis accademia anno ... Mcccccx die decima Augusti</subfield>
  </datafield>
  <datafield tag="210" ind1=" " ind2=" ">
    <subfield code="e">Impressum Papie</subfield>
    <subfield code="g">per magistrum Iacob de Burgo Franco</subfield>
    <subfield code="h">1511 die xxvij mensis Februarij</subfield>
  </datafield>
  <datafield tag="215" ind1=" " ind2=" ">
    <subfield code="a">10, \2!, 28, 14, \4!, 16, 14, \4! c.</subfield>
    <subfield code="d">fol</subfield>
  </datafield>
  <datafield tag="300" ind1=" " ind2=" ">
    <subfield code="a">Coloph. a c. 10r della prima sequenza. - A c. a1r della quarta sequenza altro front.: Incipit solemnis &amp; multum vtilis repetitio l. contractus de reg. iur. ... - A c. 16v della quarta sequenza altro coloph.: (Papie : per Iacob de Burgofranco, 1510 die iiDecembris)</subfield>
  </datafield>
  <datafield tag="620" ind1=" " ind2=" ">
    <subfield code="a">IT</subfield>
    <subfield code="d">Pavia</subfield>
  </datafield>
  <datafield tag="700" ind1=" " ind2="1">
    <subfield code="a">Feu,</subfield>
    <subfield code="b">Jean</subfield>
    <subfield code="3">IT\ICCU\CNCA\016305</subfield>
  </datafield>
  <datafield tag="712" ind1="0" ind2="0">
    <subfield code="a">Pocatela, Giacomo</subfield>
    <subfield code="3">IT\ICCU\CNCT\000347</subfield>
    <subfield code="4">650</subfield>
  </datafield>
  <datafield tag="790" ind1=" " ind2="1">
    <subfield code="a">Igneus,</subfield>
    <subfield code="b">Johannes</subfield>
    <subfield code="3">IT\ICCU\CNCA\016306</subfield>
    <subfield code="z">Feu, Jean</subfield>
  </datafield>
  <datafield tag="791" ind1="0" ind2="0">
    <subfield code="a">Burgofrancho, Iacob de</subfield>
    <subfield code="3">IT\ICCU\CNCT\002277</subfield>
    <subfield code="z">Pocatela, Giacomo</subfield>
  </datafield>
  <datafield tag="791" ind1="0" ind2="0">
    <subfield code="a">Paucisdrapis, Iacob de</subfield>
    <subfield code="3">IT\ICCU\CNCT\002278</subfield>
    <subfield code="z">Pocatela, Giacomo</subfield>
  </datafield>
  <datafield tag="791" ind1="0" ind2="0">
    <subfield code="a">Pulchridrapensis, Iacob</subfield>
    <subfield code="3">IT\ICCU\CNCT\002279</subfield>
    <subfield code="z">Pocatela, Giacomo</subfield>
  </datafield>
  <datafield tag="791" ind1="0" ind2="0">
    <subfield code="a">Paucidrapensis, Iacob</subfield>
    <subfield code="3">IT\ICCU\CNCT\005452</subfield>
    <subfield code="z">Pocatela, Giacomo</subfield>
  </datafield>
  <datafield tag="791" ind1="0" ind2="0">
    <subfield code="a">Paucisdrapius, Iacob</subfield>
    <subfield code="3">IT\ICCU\CNCT\005454</subfield>
    <subfield code="z">Pocatela, Giacomo</subfield>
  </datafield>
  <datafield tag="801" ind1=" " ind2="3">
    <subfield code="a">IT</subfield>
    <subfield code="b">ICCU</subfield>
    <subfield code="c">20201115</subfield>
  </datafield>
  <datafield tag="899" ind1=" " ind2=" ">
    <subfield code="a">Biblioteca comunale. Trento</subfield>
    <subfield code="z">MUTILO</subfield>
    <subfield code="1">TN0121</subfield>
    <subfield code="2">ZTN 01</subfield>
  </datafield>
</record>
</collection>
